<record><leader>00000cas a2200000 a 4500</leader><controlfield tag="001">31854653</controlfield><controlfield tag="007">hd bfu---baat</controlfield><controlfield tag="007">hd afu---bact</controlfield><controlfield tag="008">950119c19299999nbuwr nea     0    0eng c</controlfield><datafield ind1=" " ind2=" " tag="010"><subfield code="a">sn 95069023 </subfield></datafield><datafield ind1=" " ind2=" " tag="040"><subfield code="a">NVG</subfield><subfield code="b">eng</subfield><subfield code="c">NVG</subfield><subfield code="d">OCLCQ</subfield></datafield><datafield ind1=" " ind2=" " tag="042"><subfield code="a">pcc</subfield></datafield><datafield ind1=" " ind2=" " tag="043"><subfield code="a">n-us-nb</subfield></datafield><datafield ind1="0" ind2=" " tag="130"><subfield code="a">Pilot-tribune (Blair, Neb.)</subfield></datafield><datafield ind1="1" ind2="4" tag="245"><subfield code="a">The pilot-tribune.</subfield></datafield><datafield ind1=" " ind2=" " tag="260"><subfield code="a">Blair, Neb. :</subfield><subfield code="b">Pilot-tribune Co.,</subfield><subfield code="c">1929-</subfield></datafield><datafield ind1=" " ind2=" " tag="300"><subfield code="a">volumes</subfield></datafield><datafield ind1=" " ind2=" " tag="310"><subfield code="a">Weekly</subfield></datafield><datafield ind1=" " ind2=" " tag="336"><subfield code="a">text</subfield><subfield code="b">txt</subfield><subfield code="2">rdacontent</subfield></datafield><datafield ind1=" " ind2=" " tag="337"><subfield code="a">microform</subfield><subfield code="b">h</subfield><subfield code="2">rdamedia</subfield></datafield><datafield ind1=" " ind2=" " tag="338"><subfield code="a">microfilm reel</subfield><subfield code="b">hd</subfield><subfield code="2">rdacarrier</subfield></datafield><datafield ind1="0" ind2=" " tag="362"><subfield code="a">Vol. 59, no. 38 (Feb. 7, 1929)-</subfield></datafield><datafield ind1=" " ind2=" " tag="515"><subfield code="a">Issues for Feb. 7, 1929-Dec. 4, 1930 called also vol. 47, no. 52-v. 49, no. 43.</subfield></datafield><datafield ind1=" " ind2=" " tag="580"><subfield code="a">Formed by the union of: Blair pilot, and: Tribune (Blair, Neb. : 1917).</subfield></datafield><datafield ind1=" " ind2=" " tag="533"><subfield code="a">Microfilm.</subfield><subfield code="m">Feb. 7,1929- :[Lacks Dec. 28,1933]</subfield><subfield code="b">Lincoln, Neb. :</subfield><subfield code="c">Nebraska State Historical Society.</subfield><subfield code="e">microfilm reels ; 35 mm.</subfield></datafield><datafield ind1=" " ind2=" " tag="752"><subfield code="a">United States</subfield><subfield code="b">Nebraska</subfield><subfield code="c">Washington</subfield><subfield code="d">Blair.</subfield></datafield><datafield ind1="0" ind2="5" tag="780"><subfield code="t">Herman record</subfield><subfield code="w">(DLC)sn 95069026</subfield></datafield><datafield ind1="1" ind2="4" tag="780"><subfield code="t">Blair pilot</subfield><subfield code="w">(DLC)sn 95069022</subfield></datafield><datafield ind1="1" ind2="4" tag="780"><subfield code="t">Tribune (Blair, Neb. : 1917)</subfield><subfield code="w">(DLC)sn 95069021</subfield></datafield></record>